2339 3130
260 754 287 772 10

262 1019 289 1037 15

258 1275 286 1294 20

337 191 397 221 398
1168 184 1358 211 Al‘l‘ENDlx.

337 287 432 318 super
450 277 579 306 Lucam.
603 275 659 305 lib.
677 274 867 306 Salomonis,
893 273 945 303 lib.
965 272 1039 305 Job.
1065 273 1116 302 lib.
1136 272 1398 307 Machabeorum,
1424 271 1456 302 II
1475 272 1526 303 lib.
1545 272 1694 313 compoti.
1720 272 1881 313 expositio
1899 283 1996 314 super
2013 272 2178 304 Matheum

337 328 376 358 de
401 338 548 357 sermon·—
576 326 701 356 Domini
735 325 842 355 habito
876 326 905 355 in
932 327 1055 357 moute,
1089 324 1142 354 lib.
1168 324 1292 363 legum,
1322 324 1375 354 lib.
1399 323 1550 365 dosephi.
1583 323 1636 353 lib.
1662 334 1845 354 sermonum
1871 328 1902 354 et
1927 325 2116 356 omeliarum
2140 325 2180 356 de

338 380 504 409 nativitas(¹
531 378 676 409 Domini.
708 376 867 417 expositio
893 386 990 416 super
1013 375 1199 409 Danielem,
1235 375 1301 405 vita
1325 375 1411 405 beati
1438 375 1622 417 Gangolphi
1648 380 1680 406 et
1703 376 1840 406 aliorum
1865 386 1936 406 cum
1961 377 2086 407 omeliis
2111 378 2181 419 qui-

338 430 487 464 busdmn,
518 430 580 459 vita
606 429 691 458 beati
717 427 873 460 Odalrici,
899 427 979 457 liber
1003 427 1243 467 martyrologii,
1270 426 1433 457 Romanus
1458 427 1545 461 ordo,
1570 426 1673 456 IIII⁰¹'
1698 427 1771 457 libri
1797 427 2048 465 breviariorum,
2073 429 2103 459 V
2126 429 2180 461 lib.

337 482 529 521 regularum.
555 480 584 510 ll
612 480 665 510 lib.
692 479 871 509 orationum
896 478 909 508 l
935 478 986 519 qui
1005 478 1131 519 incipit:
1158 478 1197 508 ad
1222 481 1253 509 te
1271 478 1400 509 domine
1423 478 1537 509 faeiem
1554 488 1675 513 meam;
1701 478 1783 508 alius
1809 479 1862 519 qui
1880 479 2009 520 incipit:
2027 480 2180 511 miserere

336 533 397 563 mei
429 532 522 571 (leus,
563 532 761 561 exorcismus
796 530 924 560 maioris
953 540 1069 570 aquae,
1112 529 1140 559 II
1173 530 1364 571 baptisteria
1400 530 1431 560 in
1463 530 1580 570 quibus
1613 529 1796 560 benedictio
1832 530 1908 560 ferri
1945 534 1977 561 et
2011 542 2113 573 aquae
2151 536 2183 563 et

335 584 395 614 alia
427 583 630 613 continentur
661 586 692 612 et
723 583 753 612 in
784 592 847 611 uuo
873 581 1061 622 obsequivm
1087 584 1302 615 mortuorum,
1328 580 1376 611 VI
1401 581 1454 612 lib.
1480 581 1730 622 bymuariorum,
1756 581 1820 611 IIII
1847 582 1903 613 lib.
1930 584 2182 623 sequentiarum,

336 635 457 665 cantica
482 634 678 664 canticorum
703 634 835 664 metrice
860 636 892 663 et
916 632 1102 663 theutonice
1129 632 1320 673 composita.
1347 631 1415 662 1111
1439 632 1605 665 officialia.
1629 633 1662 663 ΙΙ
1686 633 1884 669 lectionarii,
1908 633 1941 664 II
1965 635 2184 675 euangeliaria

335 697 406 716 cum
430 685 444 715 Ι
469 685 674 723 lectionario,
703 684 767 715 VII
792 684 846 714 lib.
872 684 1069 722 missalivm⁷
1101 683 1314 721 Smaracdus,
1347 684 1544 724 passionale,
1574 684 1731 715 Aleuinus
1757 695 1854 726 super
1877 685 2075 723 Johannem,
2101 685 2182 717 Gre—

335 738 442 777 gorius
468 748 566 778 super
592 736 808 771 Ezechielem,
834 735 884 765 ΙΙΙ
909 735 1125 776 antiphonarii
1150 746 1221 766 cum
1245 746 1308 766 uno
1333 735 1498 775 graduale.

440 797 517 827 Alia
541 808 637 827 mmm
659 796 801 826 (nlilitum
826 798 870 825 est
893 796 928 826 ritt
948 806 1019 834 puy.
1044 796 1125 825 312'11:

443 848 540 878 Illl⁴'¹'
565 848 748 887 gradualia.
782 848 908 877 cronica
934 857 1065 887 regvm,
1098 847 1238 887 quinque
1264 848 1432 888 psalteria,
1462 847 1523 878 duo
1549 847 1620 877 libri
1649 846 1865 888 dialogorum,
1899 849 1969 878 libri
2001 852 2182 880 auctorum:

335 900 500 940 Yirgilius.
524 899 692 930 «luvenalis
717 903 749 930 et
772 899 903 929 Persius
928 900 957 929 in
982 909 1045 929 uno
1071 899 1240 936 volumine,
1267 899 1393 929 Staeius
1410 899 1595 929 Thebaidos
1621 903 1652 929 et
1676 903 1815 940 quatuor
1840 901 2071 940 quaterniones
2097 902 2182 932 eius—

336 951 408 981 dem
433 952 550 992 operis,
576 952 628 983 lib.
654 951 808 985 Terentii,
833 950 994 991 expositio
1019 950 1123 981 Servii
1148 960 1245 991 super
1268 950 1434 989 Bucolica,
1459 950 1624 986 chanus,
1650 950 1796 985 Oratius,
1824 951 1996 989 Salustius,
2023 952 2182 983 Saedulius

339 1007 369 1033 et
394 1002 529 1033 Ovidius
554 1003 593 1033 (le
618 1002 765 1033 remediis
791 1003 883 1033 simul
909 1002 1010 1042 ligati,
1036 1002 1100 1032 <luo
1124 1002 1195 1032 libri
1219 1002 1376 1032 Aratoris.

438 1055 631 1084 cmm'mmlio
659 1054 795 1084 eiusdem
818 1054 993 1092 scriptumst
1015 1054 1103 1093 sigma
1128 1065 1166 1082 :xv
1191 1053 1251 1083 lem:
1275 1053 1374 1083 relata
1400 1053 1432 1083 in
1454 1054 1516 1092 sinc
1536 1064 1607 1093 pay.
1632 1054 1679 1084 II.
1698 1056 1771 1092 post
1794 1056 1930 1093 tvmpom
1954 1055 2184 1087 dedicationum

336 1107 417 1147 (XII
442 1107 471 1136 k.
497 1106 605 1140 Nohl:

443 1157 576 1188 Ovidius
591 1157 801 1199 epistolarum
820 1161 852 1187 et
868 1157 1082 1188 Maximianus
1101 1157 1131 1187 in
1150 1168 1213 1187 uno
1228 1157 1399 1194 volumine,
1418 1157 1494 1187 item
1510 1156 1644 1187 Ovidius
1665 1157 1871 1198 epistolarum
1890 1161 1922 1188 et
1936 1157 2057 1189 Statius
2071 1159 2183 1190 Achil-

337 1209 438 1239 leidos
463 1210 495 1239 in
520 1220 582 1239 uno
607 1209 679 1241 vol..
705 1208 837 1239 Servius
862 1220 932 1239 cum
957 1209 1116 1250 exemplis
1142 1209 1241 1249 prime
1269 1209 1382 1239 sillabc,
1407 1209 1438 1239 in
1463 1220 1525 1239 uno
1550 1209 1631 1242 vol.,
1656 1208 1748 1245 Cato,
1774 1209 1849 1239 item
1876 1209 1956 1240 Cato
1981 1214 2013 1240 ct
2037 1211 2183 1242 Aviauus

336 1262 365 1291 in
400 1272 462 1291 uno
496 1261 572 1294 vol..
610 1260 805 1297 waltarius,
841 1260 997 1295 Omerus,
1032 1260 1221 1300 Fulgentius
1254 1264 1286 1291 et
1317 1260 1456 1291 Troiana
1486 1261 1619 1291 historia
1653 1261 1682 1291 in
1715 1272 1777 1291 uno
1812 1261 1888 1299 voh.
1924 1261 2021 1292 editio
2054 1262 2184 1302 Donati,

336 1312 478 1342 bvcolica
504 1311 676 1346 Theocriti,
702 1311 794 1342 Beda
817 1311 856 1342 de
882 1312 1013 1342 metrica
1039 1315 1118 1349 arte,
1144 1312 1218 1341 item
1241 1311 1293 1342 lib.
1316 1311 1355 1342 de
1373 1312 1507 1342 metrica
1525 1313 1657 1348 ratione,
1684 1313 1792 1354 topica
1808 1312 1915 1350 Tullii,
1940 1313 2183 1354 predicamenta

335 1364 511 1394 Aristotilis
548 1367 579 1393 et
610 1363 833 1404 perierminias
871 1363 900 1393 in
933 1373 996 1393 uno
1028 1363 1108 1397 vol.,
1149 1362 1210 1393 duo
1240 1363 1312 1393 libri
1343 1363 1503 1404 Porphirii
1533 1374 1605 1394 cum
1635 1364 1826 1394 commentis
1859 1364 1989 1398 Boecii,
2024 1365 2077 1395 lib.
2109 1376 2185 1406 geo-

336 1416 461 1451 metric,
493 1415 592 1445 maior
616 1414 762 1445 Donatus
792 1418 823 1445 ct
853 1414 973 1449 minor,
1005 1414 1166 1456 expositio
1190 1425 1286 1455 super
1309 1415 1442 1445 missam
1467 1425 1537 1445 cum
1563 1415 1753 1456 quibusdam
1779 1416 1994 1446 sermonibus.
2019 1416 2183 1447 XXXVII

334 1467 407 1497 albe
437 1477 507 1496 cum
538 1466 670 1496 totidem
695 1466 891 1496 nmeralibus
922 1470 953 1496 et
978 1466 1114 1506 cingulis
1147 1470 1178 1496 ct
1202 1467 1335 1507 iusuper
1358 1466 1442 1496 VIII
1473 1467 1540 1496 sine
1564 1467 1785 1498 humeralibus
1811 1472 1841 1497 et
1866 1466 2018 1507 cingulis,
2051 1467 2181 1498 XXVII

336 1519 417 1548 stole
442 1529 513 1548 cum
538 1518 710 1558 manipulis
736 1517 870 1547 totidem
896 1528 936 1548 cx
962 1517 1010 1547 his
1036 1517 1086 1547 ΠΙ
1112 1518 1192 1548 stole
1218 1517 1372 1548 deaurato
1398 1528 1469 1547 cum
1494 1517 1629 1548 totidem
1653 1518 1834 1560 manipulis,
1860 1522 1892 1549 et
1916 1518 1947 1549 X
1971 1519 2099 1551 calices,

441 1684 455 1704 2
474 1690 493 1706 c.
514 1678 557 1706 [ib.
576 1682 662 1705 relvm.
771 1684 800 1704 w
819 1682 873 1706 rod.
892 1671 1071 1705 authiii'onarii.
1091 1681 1209 1710 (alterum
1231 1691 1247 1705 n
1265 1686 1351 1712 postea
1371 1682 1395 1705 ῐιι
1416 1691 1430 1714 p
1450 1683 1592 1713 mutatum).
