2235 3146
195 769 222 786 to

195 1032 222 1049 15

270 190 278 217 1
289 191 303 218 4
309 190 326 214 s!
868 183 898 206 A.
929 180 1318 206 PONFRATERNITATUM
1341 179 1515 206 'FABULAE

266 286 315 311 est.
346 281 454 311 domni
484 279 624 319 Eginolti
658 276 819 318 episcopi,
851 276 984 316 largitas
1018 279 1049 304 ct
1082 284 1139 316 per
1169 275 1350 313 largitatem
1382 276 1568 316 perpetrata
1598 273 1738 304 conditio
1767 276 1908 314 nequeat
1931 284 1949 304 a
1973 274 2113 315 posteris

266 332 420 371 ignorari.
451 331 615 361 decretum
642 333 707 361 cst,
740 332 773 358 ut
797 338 854 369 per
882 326 1150 367 conscriptionem
1181 326 1334 363 memorie
1362 325 1479 356 tradita
1510 325 1620 366 regule
1650 324 1753 354 sancti
1776 323 1947 356 Benedicti
1977 325 2113 357 deberet

268 384 396 414 innecti.
421 386 579 423 quatenus
605 380 656 421 qui
682 380 712 409 in
737 379 806 409 cius
831 378 993 420 presentia
1020 378 1073 408 illa
1098 388 1160 408 non
1185 381 1260 408 sunt
1284 378 1410 419 experti
1434 376 1594 407 beneficia
1619 376 1726 407 edocti
1750 376 1851 406 literis
1877 380 1970 408 orent
1993 388 2050 419 pro
2076 388 2114 408 eo

268 435 363 465 deum
388 431 619 463 univcrsitatis.

376 491 454 533 (lo.)
489 491 531 533 [p.
550 490 608 532 tal
633 489 754 521 ANNo
779 488 837 519 AB
862 487 1201 518 INCARNATIONE
1219 487 1382 518 DOMINI
1399 486 1524 518 DCCC.
1544 486 1715 527 Regnante
1739 486 1855 517 domno
1885 486 2002 519 Carolo
2026 499 2113 519 sere-

269 545 401 576 nissimo
427 554 536 573 cesare
561 546 700 581 augusto
725 542 806 571 facta
833 544 883 570 est
907 540 1077 570 conventio
1107 543 1138 570 ct
1169 540 1364 570 unanimitas
1397 549 1529 580 precum
1559 538 1652 568 huius
1685 538 1809 569 scilicet
1840 540 1942 570 sancti
1968 539 2052 571 Galli
2084 543 2115 571 et

268 596 429 637 Augcnsis
454 593 602 625 coenobii
632 593 691 623 sub
716 591 888 622 abbatibus
918 590 1071 621 videlicet
1101 590 1216 621 domno
1239 590 1404 621 werdone
1437 595 1533 631 atque
1558 590 1722 620 Waltono.
1773 589 1833 625 Qui
1862 591 2010 632 primitus
2043 602 2115 622 cum

266 647 417 678 fratribus
453 657 494 676 cx
530 649 665 686 utroque
702 645 772 674 loco
802 643 833 673 in
862 643 921 673 hac
955 643 1180 673 communione
1213 642 1492 673 consentientibus
1526 641 1748 674 instituerunt,
1787 645 1821 672 ut
1850 642 2116 684 quandocumque

266 700 366 730 frater
397 697 512 738 aliquis
544 696 660 728 obierit
692 700 724 725 et
751 695 820 725 loco
854 695 903 724 vel
933 694 1115 724 senioribus
1146 694 1264 724 ibidem
1295 693 1568 724 commorantibus
1600 692 1824 724 adnuntiatum
1858 694 1970 728 fuerit,
2002 706 2039 726 eo
2065 695 2116 726 die

270 749 450 792 presbytcri
483 753 549 779 tres
580 749 695 778 missas
727 750 758 777 ct
789 747 887 782 ceteri
916 746 1033 776 fratres
1061 756 1117 787 pro
1150 756 1188 776 eo
1221 745 1408 786 psalterium
1440 756 1477 775 ac
1508 744 1758 775 celebrationem
1784 745 1913 785 vigiliae
1943 745 2118 777 decantent

269 800 512 840 communisque
538 799 659 830 oblatio
684 799 722 829 ab
748 798 930 829 bominibus
960 797 1026 828 fiat.
1078 796 1160 827 Item
1191 796 1222 827 in
1253 797 1305 827 die
1336 797 1474 838 septimo
1500 794 1597 826 XXX
1625 797 1782 837 psalmos,
1814 797 1977 828 tricesimo
2009 801 2117 829 autem

268 851 448 894 presbyteri
480 862 591 881 omnes
622 860 677 891 pro
708 862 745 881 eo
776 859 870 880 unam
902 848 1048 886 missam,
1085 852 1117 879 et
1147 849 1247 879 ceteri
1276 848 1302 878 L
1331 848 1473 889 psalmos
1504 848 1670 888 impleant.
1721 847 1872 878 Ceterum
1903 849 2030 889 vigilias
2060 860 2118 891 pro

268 903 427 933 defunctis
452 903 483 932 in
509 902 615 943 capite
642 901 838 941 singulorum
865 901 1024 931 mensium
1050 910 1091 930 ex
1115 911 1203 930 more
1234 900 1352 940 iugiter
1379 899 1598 935 celebremus,
1633 900 1665 929 in
1690 899 1806 940 quibus
1833 900 1951 941 vigiliis
1976 901 2119 932 omnium

270 954 364 985 simul
388 953 612 984 defunctorum
639 953 781 986 frati-uun
807 952 860 993 qui
886 952 917 982 in
942 956 1052 982 nostro
1079 952 1241 982 consortio
1266 951 1439 982 coadunati
1457 954 1541 989 sunt,
1567 951 1830 981 commemoratio
1855 951 1919 987 fiat,
1945 962 2049 993 eoque
2066 952 2119 983 die

271 1008 540 1036 commemoretur
564 1007 596 1035 ct
620 1014 736 1034 nomen
766 1014 868 1045 nuper
898 1003 1041 1034 defuncti
1073 1003 1192 1044 fiatque
1233 1003 1354 1034 oblatio
1382 1003 1523 1033 omnium
1553 1002 1686 1033 fratrum
1719 1003 1830 1039 simul„
1867 1007 1930 1034 tam
1967 1014 2023 1045 pro
2053 1004 2119 1044 illo,

270 1068 363 1098 quam
388 1060 420 1087 et
449 1057 646 1097 generaliter
673 1067 729 1097 pro
761 1055 918 1085 omnibus.
970 1055 1011 1086 Et
1042 1058 1115 1096 post
1145 1055 1213 1085 haec
1238 1055 1458 1096 unusquisque
1482 1054 1656 1095 presbyter
1680 1056 1789 1084 cantet
1812 1064 1907 1084 unam
1932 1055 2065 1086 missam
2090 1059 2122 1087 et

271 1109 369 1139 ceteri
403 1108 517 1139 fratres
554 1108 580 1138 L
610 1108 759 1148 psalmosv
819 1107 934 1137 Preter
969 1106 1037 1137 haec
1071 1117 1198 1147 quoque
1228 1107 1328 1137 semel
1362 1107 1393 1136 in
1422 1116 1505 1136 anno
1538 1106 1596 1136 sub
1627 1105 1679 1136 die
1707 1105 1832 1136 XVIII.
1867 1105 1909 1147 [p.
1935 1105 1987 1148 20}
2019 1106 2120 1138 KAL.

271 1159 462 1191 DECEMB.
499 1159 762 1189 connnemoratio
807 1159 947 1188 oninium
984 1158 1078 1188 simul
1113 1158 1168 1188 fiat
1204 1169 1261 1200 pro
1296 1158 1426 1188 annuali
1469 1158 1669 1198 singulorum
1710 1156 1861 1188 videlicet
1896 1157 2120 1189 defunctorum

272 1211 435 1243 memoria.
460 1211 593 1252 ipsoque
618 1210 669 1241 dic
694 1210 876 1251 presbytcri
895 1214 1004 1241 ternas
1030 1210 1145 1240 missas
1173 1214 1204 1240 ct
1229 1211 1329 1241 ceteri
1346 1210 1463 1241 fratros
1481 1209 1669 1251 psalterium
1687 1208 1860 1239 decantent
1884 1220 1920 1239 ac
1945 1209 2121 1241 celebratio

274 1264 391 1304 vigilite
416 1263 659 1303 communisque
685 1262 806 1292 oblatio
832 1263 871 1292 ab
896 1262 1044 1292 omnibus
1068 1261 1221 1292 fratribus
1246 1262 1310 1292 fiat.

381 1323 567 1353 Transactis
602 1326 673 1363 post
706 1322 772 1353 baec
799 1322 913 1353 OXL.
938 1325 1075 1363 quatuor
1098 1323 1204 1357 annis,
1234 1322 1400 1353 mensibus
1431 1322 1533 1352 tribus
1566 1325 1597 1351 et
1628 1321 1752 1352 duabus
1781 1320 2030 1355 ebdomadibus,
2062 1320 2122 1352 hoe

274 1379 324 1406 est
348 1386 432 1405 anno
459 1374 689 1405 incarnationis
708 1373 866 1411 dominice
884 1373 1159 1405 DCCCCXLN.
1185 1384 1268 1404 anno
1287 1377 1394 1404 autem
1413 1373 1520 1403 domni
1538 1372 1666 1403 Ottonis
1684 1372 1884 1403 serenissimi
1908 1373 1994 1413 regis
2010 1371 2123 1404 VIIII.

376 1508 390 1527 2
411 1504 464 1527 aad.
485 1506 525 1527 Sci
546 1505 573 1527 13.
678 1507 693 1526 4
714 1503 744 1527 ln
759 1504 813 1535 fine
827 1504 941 1534 paylnae
962 1505 1031 1527 ΜΡΝ
1050 1503 1116 1527 (luae
1137 1504 1263 1531 formulae
1283 1503 1367 1533 rotuli,
1387 1503 1475 1534 quihus
1494 1502 1573 1526 obitus
1591 1502 1689 1533 fratris
1708 1501 1767 1525 aliis
1785 1502 1944 1526 monasteriis
1962 1503 2125 1533 fraternitate

275 1539 440 1569 Snnssallcnsi
459 1538 595 1562 covzhznctis
614 1538 724 1561 [mlirari
749 1539 857 1566 solebat,
882 1547 896 1560 a
918 1538 1014 1561 dnobus
1034 1538 1092 1561 aliis
1111 1538 1274 1569 scriptoribus
1293 1537 1396 1561 additae
1415 1541 1480 1565 satzi,
1499 1546 1606 1568 quarum
1626 1541 1737 1560 tenorem
1761 1537 1833 1568 infra
1856 1537 1969 1563 edemus,-
1990 1541 2124 1568 praeterea

274 1574 383 1604 sequimi·
406 1573 520 1603 formula
542 1573 729 1604 provudssimzis,
756 1573 786 1596 de
811 1581 862 1604 qua
884 1581 904 1596 υ.
924 1573 1003 1601 infra.
1043 1572 1107 1596 Inde
1133 1581 1148 1594 a
1175 1574 1226 1596 ΗΜ
1254 1572 1322 1596 linea
1345 1581 1404 1603 pays.
1429 1575 1462 1595 151.
1488 1580 1564 1602 nsque
1586 1571 1622 1595 acl
1642 1580 1705 1603 pay.
1731 1574 1800 1595 180⁴st
1826 1571 1869 1595 lin.
1893 1574 1974 1594 ll¹¹¹¹⁴⁷⁷l
1997 1572 2123 1603 sequentia

275 1609 402 1639 leynntur:
439 1608 547 1631 l’Al’Ar]
574 1608 785 1630 1)1‹:‹÷l:1·:T17M
810 1608 921 1631 nlm'rl
944 1608 1138 1630 ‹inlituntlt
1181 1610 1264 1636 Quam
1291 1607 1324 1630 sit
1349 1607 1519 1630 necessarium
1546 1606 1756 1630 monasteriorum
1780 1606 1858 1636 quieti
1881 1606 2023 1637 prospicere
2047 1610 2071 1631 et
2094 1607 2124 1631 de

275 1651 361 1666 earum
381 1646 501 1673 perpetua
522 1642 657 1665 securitate
678 1646 794 1669 tractarev
814 1645 960 1665 anteactum
981 1650 1025 1664 nos
1045 1641 1164 1671 officium,
1184 1641 1249 1672 quod
1270 1641 1294 1664 in
1313 1641 1434 1672 regimine
1453 1641 1568 1664 coenobii
1587 1640 1757 1669 exhibuimus,
1777 1640 1902 1664 informat.
1940 1641 1970 1664 Et
1990 1641 2045 1665 ideo
2064 1641 2125 1672 quia

276 1678 300 1700 in
320 1677 434 1708 plurimis
453 1677 611 1700 monasteriis
631 1676 710 1700 multa
730 1685 743 1699 a
765 1676 908 1707 presulibus
922 1676 1059 1707 preiudicia
1078 1680 1153 1706 atque
1172 1676 1321 1707 gravamina
1334 1676 1469 1707 pertulisse
1482 1675 1665 1706 cognoscimus,
1686 1678 1790 1706 oportet,
1810 1680 1839 1698 ut
1858 1679 1942 1704 nostre.
1962 1676 2125 1699 fraternitatis

275 1712 383 1742 provisio
409 1712 438 1735 de
464 1712 548 1734 futura
573 1711 656 1741 quiete
682 1719 767 1734 eornm
794 1711 889 1734 salubri
913 1711 1028 1741 disponat
1053 1710 1222 1737 ordinatione„
1249 1710 1368 1741 quatinus
1391 1713 1570 1733 conversantes
1596 1709 1620 1732 in
1646 1709 1695 1732 illis
1719 1709 1744 1732 in
1763 1709 1803 1732 dei
1822 1709 1924 1733 servitio
1943 1710 2026 1741 gratia
2046 1710 2125 1742 ipsius

275 1746 431 1777 ⁴suli'ragante
455 1750 536 1769 mente
560 1745 637 1768 libera
663 1750 829 1776 perseverent
869 1744 915 1768 sed
939 1752 969 1768 ne
994 1752 1025 1768 ex
1049 1752 1091 1774 ea,
1116 1753 1165 1775 que
1191 1745 1270 1776 magis
1293 1744 1451 1768 emendanda
1473 1748 1520 1771 est,
1549 1742 1824 1775 eonsuetulp.ltildine
1843 1744 1977 1775 quisquam
1995 1745 2125 1769 monachis

276 1781 409 1811 ‹plin-quam
430 1780 533 1803 moleste
554 1784 679 1810 presumat
703 1779 801 1809 inferre,
822 1787 923 1803 necesse
943 1783 988 1805 cst.
1008 1783 1035 1802 ut
1056 1779 1115 1809 bec,
1135 1788 1184 1809 que
1204 1779 1308 1802 iuferius
1327 1779 1497 1802 enumeranda
1515 1778 1673 1808 curavimus,
1692 1778 1726 1801 ita
1746 1778 1829 1801 studio
1849 1779 2013 1803 fraternitatis
2032 1779 2125 1810 episco-

277 1823 363 1845 porum
383 1815 489 1838 debcant
503 1814 630 1841 custodiri,
651 1819 678 1837 ut
697 1822 726 1837 cx
747 1814 783 1837 cis
802 1823 851 1837 non
872 1814 947 1845 possit
962 1813 1067 1837 ulterius
1082 1813 1211 1837 inserendo
1226 1813 1407 1844 inquietudinis
1420 1813 1518 1837 occasio
1532 1813 1659 1844 repperiri.
1697 1813 1872 1836 Interdicimns
1889 1813 1967 1844 igitur
1986 1813 2011 1837 in
2025 1814 2126 1838 nomine

276 1849 369 1871 domini
391 1849 469 1871 nostri
486 1849 656 1871 .1‹=su('ln·isti
676 1853 699 1872 et
718 1857 748 1871 cx
768 1849 920 1872 auctoritate
939 1848 1004 1871 beati
1019 1848 1085 1871 l'etri
1106 1848 1224 1878 principis
1242 1847 1412 1879 apostolorum
1432 1847 1603 1879 probibemus,
1623 1847 1696 1870 cuius
1715 1847 1769 1870 viee
1790 1847 1848 1870 huic
1867 1847 1995 1871 aeeclesiae
2015 1848 2126 1878 Romane

276 1888 379 1906 auctore
398 1883 443 1906 deo
463 1883 631 1914 presidemus,
652 1889 677 1905 nt
697 1883 784 1906 nullus
804 1883 977 1914 episcoporum
998 1882 1064 1906 ultra
1084 1886 1212 1913 presumat
1235 1882 1265 1905 dc
1288 1882 1422 1912 reditibusy
1447 1882 1522 1905 rebus
1541 1882 1580 1905 vel
1600 1881 1676 1905 cartis
1699 1881 1924 1907 monasteriorum.
1948 1882 1988 1906 vel
2007 1882 2038 1906 de
2056 1882 2126 1906 cellis

277 1925 321 1941 seu
335 1917 410 1940 villis.
430 1926 479 1948 que
498 1917 529 1940 ad
547 1926 574 1940 ea
596 1917 728 1948 pertinent,
748 1925 908 1948 quocumque
928 1917 1000 1939 modo
1014 1916 1127 1947 qualibet
1142 1917 1309 1947 exquisitione
1324 1917 1444 1945 minuere⁷
1464 1924 1510 1939 nec
1530 1916 1599 1939 dolos
1618 1924 1665 1939 nec.
1679 1916 1836 1940 inmissiones
1854 1916 1953 1947 aliquas
1973 1917 2063 1948 facere,
2082 1917 2125 1941 sed

278 1952 297 1974 si
312 1960 361 1982 qna
381 1960 456 1975 causa
478 1952 538 1974 sortc
555 1951 618 1974 inter
638 1955 727 1975 terram
744 1952 885 1975 venientem
903 1951 934 1974 ad
949 1954 1043 1982 partem
1063 1959 1165 1974 suarum
1179 1951 1359 1974 aecclesiarum
1373 1955 1397 1974 et
1410 1950 1618 1974 monasteriorum
1637 1951 1749 1974 evenerit
1767 1954 1790 1974 et
1808 1951 1911 1982 pacifice
1930 1959 1980 1975 non
1999 1951 2126 1983 potuerint

278 1986 395 2015 stu-dinan,
415 1986 482 2017 apud
503 1985 595 2009 electos
614 1986 719 2009 abbates
738 1990 760 2009 ct
781 1986 843 2010 alios
863 1989 946 2017 patres
964 1985 1081 2009 timentes
1100 1985 1174 2009 deum
1193 1985 1246 2009 sine
1261 1985 1405 2009 voluntaria
1424 1985 1544 2008 dilatione
1563 1985 1651 2008 mediis
1664 1985 1829 2008 sacrosanctis
1842 1985 1983 2017 euangeliis
1996 1985 2125 2010 finiantur.

279 2021 404 2043 Defuncto
428 2025 511 2043 autem
539 2020 630 2043 abbatc
655 2021 777 2051 cuiusque
803 2020 1008 2051 congregationis
1033 2028 1083 2043 mm
1106 2024 1241 2043 extraneus
1264 2020 1311 2043 nisi
1331 2020 1361 2043 de
1381 2020 1468 2043 eadem
1487 2019 1691 2045 conversatione,
1717 2027 1791 2050 quem
1810 2019 1858 2043 sibi
1878 2020 1977 2051 propria
1996 2020 2125 2044 voluntate

278 2062 381 2078 concors
405 2055 509 2078 fratrum
534 2055 640 2077 societas
668 2055 771 2085 clegerit
797 2058 821 2078 et
846 2055 888 2085 qni
912 2054 1008 2078 electus
1027 2054 1102 2078 suerit
1125 2054 1178 2078 sine
1203 2054 1259 2077 dolo
1285 2054 1321 2077 vel
1348 2054 1486 2077 venalitate
1511 2054 1597 2084 aliqua
1620 2054 1756 2077 ordinetur.
1794 2054 1890 2084 Quodsi
1912 2058 1998 2086 aptam
2017 2055 2082 2079 inter
2100 2063 2125 2079 se

280 2097 413 2120 personam
433 2089 546 2112 invenire
565 2089 739 2119 nequiverint,
759 2090 873 2112 sollerter
892 2089 938 2111 sibi
959 2089 988 2112 de
1006 2089 1063 2112 aliis
1083 2089 1239 2112 monasteriis
1258 2088 1372 2112 similiter
1390 2089 1485 2119 eligant
1504 2088 1680 2114 ordinamlum.
1699 2096 1780 2119 neque
1799 2089 1936 2112 constituto
1955 2089 2047 2113 abbate
2066 2097 2126 2120 que-

279 2132 386 2153 cumque
411 2132 517 2154 persona.
540 2123 652 2153 qualibet
676 2124 807 2147 occasione
831 2126 984 2154 preponatur
1006 2123 1053 2146 uisi
1079 2124 1141 2146 sorte
1167 2123 1336 2153 exstantibus,
1363 2123 1428 2153 quod
1454 2123 1532 2152 absit,
1557 2123 1717 2153 criminibus,
1743 2131 1792 2153 que
1815 2123 1878 2146 sacri
1902 2131 2010 2147 canones
2038 2124 2126 2155 punire

280 2162 426 2181 monstrant.
447 2156 478 2188 [p
505 2155 540 2187 171
568 2158 664 2181 l‘ariter
688 2162 771 2181 autem
791 2157 982 2181 custodiendum
1007 2161 1055 2185 est,
1081 2161 1110 2180 ut
1131 2157 1210 2181 invito
1232 2157 1324 2181 abbate
1347 2157 1377 2180 ad
1403 2157 1540 2180 ordinanda
1565 2157 1613 2181 alia
1631 2157 1785 2181 monasteria
1803 2161 1848 2181 aut
1866 2157 1898 2181 ad
1917 2158 2017 2181 ordines
2035 2165 2125 2187 saeros,

280 2192 318 2215 vel
339 2192 368 2215 ad
388 2192 520 2215 clericatus
540 2192 650 2215 osticium
677 2192 730 2215 tolli
753 2192 844 2215 exinde
863 2192 978 2215 monachi
998 2200 1047 2215 non
1067 2191 1189 2219 debcant,·
1211 2192 1254 2215 sed
1273 2192 1293 2214 si
1313 2191 1472 2215 abundantes
1491 2191 1597 2221 suerint,
1621 2192 1663 2222 qui
1686 2192 1716 2215 ad
1739 2191 1903 2215 celebrandas
1922 2192 1961 2215 dei
1980 2191 2067 2216 laudes
2085 2192 2125 2216 vel

283 2226 403 2249 utilitates
422 2226 467 2249 loci
487 2226 640 2257 complentes
662 2227 798 2253 sustin-iant,
818 2226 848 2249 de
867 2226 913 2256 bisy
933 2226 975 2256 qui
993 2226 1171 2257 superfuerint,
1191 2226 1278 2249 oflerat
1297 2226 1374 2249 abbas
1387 2234 1468 2249 eoram
1490 2226 1544 2250 deo.
1564 2234 1626 2257 quos
1645 2226 1734 2257 dignos
1748 2226 1864 2257 potuerit.
1902 2226 2023 2257 Quisquis
2041 2230 2124 2251 autem

280 2268 309 2283 ex
337 2260 488 2283 monasterio
512 2260 543 2283 ad
568 2261 765 2289 ecclesiasticum
794 2261 904 2284 ordinem
929 2260 1037 2287 venerit,
1061 2260 1167 2283 ulterius
1191 2260 1241 2283 illic.
1265 2268 1310 2284 nec
1335 2264 1494 2291 postestatem
1519 2260 1629 2291 aliquam
1654 2268 1699 2283 nec
1722 2260 1848 2284 licentiam
1871 2261 1960 2284 habeat
1988 2261 2125 2285 habitandi.

283 2295 466 2325 Descriptiones
486 2303 584 2325 quoque
605 2303 686 2318 rerum
706 2299 749 2318 aut
763 2299 890 2319 cartarum
905 2294 1048 2318 monasterii
1068 2295 1100 2318 ab
1118 2295 1235 2325 episcopo
1253 2295 1442 2319 zeeclcsiasticas
1462 2295 1515 2318 fieri
1534 2295 1635 2318 onmino
1649 2303 1781 2326 negamus.
1817 2295 1864 2319 Sed
1884 2295 1904 2318 si
1923 2295 2058 2326 aliquando
2077 2303 2125 2319 res

281 2329 398 2359 exegit,
422 2329 517 2352 abbas
536 2329 594 2352 loci
615 2338 679 2352 cum
699 2330 776 2353 aliis
795 2329 960 2352 abbatibus
980 2329 1207 2352 discussionem
1227 2337 1327 2352 rerum
1352 2330 1548 2353 inventarum
1568 2328 1606 2355 (In
1626 2333 1688 2359 ras.)
1709 2329 1784 2353 iaciat
1802 2334 1825 2353 et
1844 2337 1930 2353 eorum
1951 2330 2054 2353 consilio
2073 2330 2126 2353 sive

281 2363 373 2386 iudicio
397 2363 507 2386 finiatur.
544 2364 659 2386 (tbeuntc
684 2368 766 2387 autem
791 2364 882 2387 abbate
908 2363 1041 2394 episcopus
1064 2363 1088 2386 in
1108 2363 1278 2386 describendis
1298 2364 1507 2395 providendisque
1532 2364 1661 2394 acquisitis
1684 2363 1724 2387 vel
1747 2364 1812 2387 datis
1835 2364 2027 2395 acquirendisve
2052 2364 2126 2388 rebus

282 2398 423 2420 nnmastcrii
440 2398 508 2420 nulla
528 2406 553 2421 se
567 2398 697 2421 occasione
712 2398 866 2429 permisceat.
904 2398 995 2421 Missas
1014 2405 1114 2428 quoque
1130 2397 1243 2428 publicas
1262 2398 1294 2421 ab
1313 2406 1342 2421 co
1362 2398 1385 2421 in
1401 2398 1506 2421 cenobio
1525 2398 1578 2421 fieri
1597 2398 1699 2421 ‹nuniuo
1711 2398 1882 2429 probibemus,
1902 2406 1933 2421 ne
1953 2399 1977 2421 in
1996 2406 2125 2423 servorum

281 2431 320 2454 dci
340 2432 479 2455 recessibus
498 2436 521 2455 et
541 2440 626 2455 corum
647 2432 811 2463 rcceptaculis
831 2432 883 2455 ulla
903 2432 1030 2463 popularis
1044 2432 1179 2463 prebeatur
1197 2432 1296 2455 occasio
1314 2432 1524 2456 convenientibus
1544 2432 1583 2456 vel
1602 2432 1738 2456 mulierum
1757 2433 1801 2456 fiat
1820 2441 1902 2456 novus
1917 2433 2040 2463 introitus,
2060 2432 2125 2464 quod

282 2466 382 2489 omnino
409 2474 457 2489 non
481 2466 579 2497 expedit
599 2466 732 2489 animabus
758 2475 852 2490 corum.
889 2467 940 2489 Nec
960 2466 1049 2490 audeat
1074 2466 1108 2489 ibi
1127 2466 1269 2489 cathedram
1296 2466 1428 2494 collocare,
1455 2466 1495 2490 vel
1521 2467 1660 2497 quamlibet
1678 2470 1827 2498 potestatem
1845 2467 1994 2498 imperandi,
2019 2475 2065 2491 nec
2082 2466 2126 2491 ali-

282 2508 357 2529 quam
377 2500 558 2523 ordinationem
578 2501 692 2531 quamvis
712 2501 863 2525 levissimam
884 2501 1002 2530 faciendi⁷
1026 2500 1074 2523 nisi
1093 2500 1125 2523 ab
1144 2500 1237 2524 abbate
1257 2500 1303 2524 loci
1323 2501 1398 2524 fuerit
1417 2505 1533 2532 rogatus,
1559 2501 1679 2532 quatinus
1705 2501 1821 2525 monaehi
1845 2509 1943 2532 semper
1966 2504 2083 2525 maneant
2100 2501 2125 2525 in

282 2534 400 2557 abbatum
420 2543 522 2557 suorum
544 2539 667 2566 potestate
686 2535 822 2566 nullusque
843 2535 993 2558 monachum
1013 2534 1066 2558 sine
1085 2534 1228 2558 testimonio
1248 2535 1287 2558 vel
1306 2533 1558 2566 concessio[p.18]ne
1580 2536 1678 2559 abbatis
1697 2535 1721 2559 in
1742 2535 1848 2566 eeclesia
1868 2536 1954 2566 aliqua
1975 2539 2066 2563 teneat,
2085 2535 2126 2559 vel

283 2568 312 2590 ad
332 2568 440 2598 aliquem
461 2573 606 2599 promoveat
625 2570 752 2592 lmnorcm.
793 2570 864 2593 llanc
884 2578 943 2600 ergo
962 2568 1111 2600 scriptorum
1137 2572 1278 2592 nostrorum
1303 2569 1420 2601 paginam
1445 2570 1513 2593 omni
1538 2570 1562 2593 in
1582 2571 1667 2594 futuro
1686 2573 1797 2601 tempore
1816 2570 1847 2593 ab
1867 2570 1984 2593 omnibus
2003 2569 2125 2602 episcopis

285 2602 378 2625 tirmam
399 2604 532 2626 statuimus
552 2603 721 2634 illibatamqm·
741 2604 848 2631 servari.
870 2608 894 2627 ut
915 2608 938 2627 et
958 2611 1003 2632 suc
1021 2603 1139 2626 :ecclesite
1160 2603 1262 2627 iuuante
1285 2604 1386 2627 domiuo
1405 2612 1450 2627 suo
1469 2604 1642 2628 tantunnnodo
1661 2604 1711 2627 sint
1730 2605 1783 2628 iure
1803 2604 1914 2628 contenti
1933 2608 1958 2628 et
1977 2603 2125 2628 monasteria

284 2636 466 2659 aecclesiasticis
489 2638 674 2661 comlitionilnis
697 2646 740 2661 seu
766 2638 876 2669 angariis
900 2638 939 2661 ve]
965 2637 1120 2668 quibuslibet
1144 2638 1271 2668 obsequiis
1289 2638 1446 2661 secularibus
1469 2638 1614 2662 nullomodo
1633 2639 1792 2669 subiaceant,
1820 2639 1897 2662 nullis
1920 2639 2047 2663 canonicis
2066 2638 2125 2662 viris

285 2670 437 2694 deserviant.
463 2672 504 2694 scd
525 2672 624 2695 remotis
644 2672 820 2696 vexationilms
839 2682 853 2695 a
871 2672 970 2696 cunctis
989 2671 1181 2703 gravaminibus
1200 2672 1315 2696 divinum
1334 2681 1396 2704 opus
1415 2681 1471 2696 eum
1491 2681 1589 2696 summa
1607 2673 1683 2697 animi
1703 2673 1835 2697 devotione
1854 2673 1995 2705 perficiant,
2014 2671 2125 2697 universi

285 2704 393 2735 episcopi
421 2706 602 2736 responderunt
629 2706 738 2730 libertati
768 2707 946 2730 monachorum
976 2706 1178 2737 congaudemus,
1211 2709 1236 2730 et-
1268 2714 1317 2737 que
1345 2714 1413 2730 nune
1440 2707 1470 2730 de
1497 2707 1535 2731 bis
1563 2708 1651 2731 statuit
1676 2708 1806 2732 beatitudo
1833 2711 1918 2732 vestra
1944 2707 2074 2732 firmamus
2100 2706 2125 2730 in

286 2739 472 2769 scmpitcrmnn.
581 2743 605 2763 11
626 2741 696 2763 XXX
716 2741 741 2764 in
760 2749 811 2765 ras.

390 2817 403 2838 7
421 2813 452 2837 {lc
479 2813 608 2839 chrtlom*
627 2817 649 2839 c!
679 2815 797 2840 lVallnnc
816 2816 849 2846 cs.
869 2815 905 2839 ml
926 2815 948 2847 I,
967 2818 1022 2848 378,
1036 2819 1055 2841 1,

2217 1527 2227 2610 *Ἢ
2224 1448 2227 1455 ,.
2224 1420 2228 1425 .
2224 1386 2228 1390 ,
2223 1361 2228 1370 ,
2224 1336 2228 1342 ,
2224 1264 2228 1308 ⁷-
2225 1171 2228 1182 -
2223 1134 2228 1156 ..
2224 1086 2228 1091 .
2225 1039 2228 1050 -
2226 960 2229 1002 -,-
2225 888 2230 947 η,,
2225 853 2229 874 .,
2225 687 2234 780 -„—--—-.
2227 647 2235 691 ss,-
