2235 3146
203 752 231 770 10

206 1796 235 1814 30

281 174 336 202 135
878 169 907 193 A.
939 167 1327 194 CONFRATERNITATUM
1349 167 1525 194 TABULAE.

277 277 355 296 suae
378 265 511 305 largitus
536 268 585 295 est
612 275 755 295 munera.
806 263 869 293 Pro
902 263 991 293 cuius
1016 263 1244 294 inestimabilis
1269 262 1419 294 beneficii
1443 262 1546 303 gratia
1570 273 1633 293 uno
1657 273 1793 294 assensu
1816 266 1885 295 tota
1909 265 2002 295 simul
2027 266 2129 297 sancti

278 317 390 348 militia
416 316 569 357 propositi
595 315 747 346 sancivit:
780 318 813 345 ut
845 317 910 344 tam
942 314 1005 355 ipsi
1029 324 1123 355 quam
1148 324 1352 345 successores
1377 324 1488 344 corum
1512 314 1615 344 felicis
1639 315 1872 346 recordationis
1898 317 1979 349 viro.
2012 316 2128 348 domno

278 368 430 398 videlicet
454 366 747 397 AnAlAzssltoNI
773 365 944 407 episcope.
977 365 1113 396 eandem
1138 376 1233 407 quam
1259 365 1391 396 cuilibet
1421 365 1570 396 coenobii
1595 366 1690 396 huius
1721 366 1829 397 abbati
1862 367 1928 398 sivc
1954 368 1985 398 in
2017 369 2128 399 seculo

279 420 397 450 viventi
422 430 478 449 scu
506 423 640 449 vocante
666 418 726 449 ‹lco
750 417 789 447 de
815 416 933 447 inundo
968 416 1133 448 recedenti
1162 417 1316 447 orationis
1347 416 1525 448 exhibeant
1556 427 1727 448 summani.
1772 418 1978 459 Meginberto
2002 429 2128 461 quoque

278 470 420 511 pontifici
444 470 608 501 decretum
634 474 683 500 est
706 469 799 499 unius
824 469 945 510 proprii
970 468 1079 499 fratris
1105 468 1281 499 orationem
1308 469 1467 510 polliceri.
1492 472 1527 499 ut
1551 469 1633 499 sicut
1658 480 1714 510 pro
1737 470 1849 510 quovis
1874 474 2018 501 nostrum
2043 482 2129 502 com-

279 522 465 552 memoratio
490 521 612 561 agitur,
643 521 687 551 ita
712 524 744 551 ct
767 531 824 561 pro
850 520 905 550 illo
928 520 960 550 in
985 519 1170 550 omnimoda
1193 520 1338 550 oratione
1362 520 1571 562 compleatur.
1627 520 1669 550 Et
1692 524 1728 551 ut
1753 521 1835 552 hanc
1859 523 1947 553 nulla
1977 533 2128 564 umquam

277 573 539 604 constitutionem
563 572 673 603 deleat
697 572 827 607 oblivio,
852 571 984 612 regulae
1010 571 1204 613 complacuit
1227 574 1356 602 nostrae
1382 572 1481 602 inseri
1506 572 1627 611 libello,
1653 575 1812 613 quatenus
1836 573 1912 604 dum
1937 573 2040 605 codex
2064 575 2127 605 iste

278 625 477 666 frequentius
502 624 629 655 videtur
653 628 685 655 ct
709 623 835 664 legitur.
862 622 948 654 beati
973 623 1120 664 praesulis
1145 623 1301 654 memoria
1325 624 1467 654 strictius
1492 627 1650 655 teneatur.

383 684 442 725 (7.)
478 685 568 715 Amo
597 684 636 715 ab
668 684 888 715 incarnatione
923 682 1043 713 domini
1075 683 1347 714 DOOOOXXVI.
1380 694 1475 724 passa
1505 687 1555 715 est
1585 695 1603 714 a
1631 684 1766 726 paganis
1802 685 1917 716 beatae
1953 687 2128 717 memoriae

280 735 459 766 wiborada
484 736 610 766 reclusa
634 735 808 766 indictione
832 735 944 766 XIIII.
968 734 1164 766 KALEND.
1190 735 1340 767 MAIAS.

386 795 445 837 (b.)
482 796 524 837 [p.
541 798 588 828 11.
608 796 625 827 l.
641 794 671 837 6]
688 795 783 826 Anno
803 798 875 837 post
891 795 1146 826 incarnationem
1164 796 1253 826 verbi
1276 795 1374 826 divini
1393 794 1696 828 DCCOOLXVHI.
1721 796 1830 828 indict.
1848 796 1926 829 XII.
1950 798 2129 839 imperante

280 847 487 878 serenissimo
512 858 621 886 cesare
647 848 765 878 Ottonc
790 858 873 877 anno
897 845 990 882 IIII..
1022 847 1236 888 expectabilis
1262 847 1457 885 excellentie
1488 847 1550 883 vir.
1581 847 1717 878 domnus
1744 848 1958 879 Chuonradus
1982 849 2129 890 pontifex

277 898 536 929 Oonstanticnsis
568 899 706 936 ecclesie
736 897 938 929 venerandus
968 898 1056 928 venit
1089 897 1129 928 ad
1162 898 1393 928 monasterium
1426 898 1527 929 sancti
1553 898 1654 933 Galli,
1691 899 1741 930 cui
1773 903 1848 930 tnnc
1880 900 1964 931 abba
1995 901 2129 942 probate

279 950 460 980 sanctitatis
489 950 696 991 Purghardus
725 950 860 992 prefuit⁷
896 960 993 980 causa
1028 950 1182 980 orationis
1222 952 1254 980 ct
1286 949 1537 990 redintegranda
1566 950 1749 982 conditione
1780 951 1887 990 divine
1919 962 1956 982 ac
1987 953 2129 991 fraterne

280 1001 473 1035 dilectionis,
498 1012 591 1043 quam
615 1003 677 1032 iam
702 1002 824 1044 pridem
851 1012 923 1032 cum
947 1001 1065 1032 abbate
1091 1001 1236 1032 ciusdem
1260 1001 1389 1032 cenobii
1408 1001 1569 1032 Thictone
1595 1004 1627 1032 et
1650 1003 1854 1043 postmodum
1880 1014 1952 1034 cum
1977 1003 2130 1045 religioso

280 1063 467 1083 successore
492 1053 561 1084 eius
580 1054 719 1085 Oralonc
744 1053 820 1084 fecit
844 1053 999 1084 fratribus
1023 1053 1175 1084 uniformi
1197 1053 1437 1095 conspiratione
1460 1053 1742 1091 concordantibus,
1768 1058 1803 1085 ut
1827 1055 1866 1086 ob
1891 1066 2034 1086 amorem
2060 1055 2130 1087 eius

280 1114 316 1134 ac
341 1104 533 1135 multimoda
556 1105 773 1142 munificentie
799 1115 856 1143 sue
880 1104 1039 1136 beneficia
1063 1107 1131 1135 tum
1154 1104 1286 1146 privatis
1318 1105 1519 1146 specialiter,
1553 1108 1620 1135 tum
1648 1105 1680 1136 in
1711 1116 1880 1138 commune
1912 1106 2031 1137 bonnm
2060 1107 2130 1138 uni-

280 1156 450 1186 versaliter
463 1156 580 1187 collata
596 1160 661 1186 tam
678 1156 831 1197 singulari
848 1167 943 1197 quam
961 1156 1106 1197 generali
1124 1156 1269 1186 oratione
1286 1166 1415 1198 semper
1432 1156 1500 1187 eius
1512 1157 1668 1187 memoria
1682 1157 1722 1188 ab
1737 1157 1884 1189 omnibus
1898 1158 2131 1199 frequentetur.

279 1206 448 1237 Annonam
473 1218 600 1249 quoque
626 1208 777 1239 fratribus
802 1208 1009 1239 constitutam
1033 1218 1090 1248 pro
1117 1207 1220 1238 salute
1245 1208 1388 1249 corporis
1418 1210 1514 1248 atque
1544 1208 1650 1247 anime
1680 1209 1747 1240 eius
1777 1209 1973 1251 pauperibus
1999 1209 2130 1241 cottidie

283 1258 497 1299 erogandam,
530 1270 698 1301 quousque
723 1261 786 1298 vite
817 1260 911 1290 huius
936 1259 1208 1290 consummaverit
1232 1269 1376 1295 cursum,
1411 1262 1443 1290 et
1466 1262 1637 1301 postquam
1661 1259 1722 1291 deo
1746 1263 1883 1292 vocante
1909 1264 2024 1292 exutus
2047 1264 2133 1293 terra

280 1311 348 1341 celo
373 1311 504 1352 spiritus
530 1311 690 1345 reddatur.
715 1311 754 1342 ad
779 1311 1037 1343 anniversarium
1061 1314 1093 1342 et
1117 1311 1250 1352 insuper
1274 1310 1475 1351 trigesimum
1494 1310 1707 1352 depositionis
1725 1312 1873 1343 eiusdem
1895 1312 1986 1343 firma
2010 1313 2131 1344 ratione

280 1361 493 1395 devoverunt,
529 1363 612 1404 quod
643 1374 745 1404 usquc
776 1363 871 1394 hodie
907 1362 968 1394 deo
998 1363 1119 1404 gratias
1152 1363 1319 1404 expletum
1354 1365 1386 1393 et
1420 1362 1657 1404 indefatigabili
1693 1363 1866 1395 devotione
1894 1364 2133 1396 observandum

280 1417 416 1445 tenetur.
463 1414 622 1456 Tempore
654 1426 729 1447 vcro
764 1418 949 1457 prenotato,
978 1415 1009 1446 id
1041 1418 1090 1446 est
1121 1415 1257 1446 sabbato
1287 1417 1362 1446 ante
1397 1414 1592 1446 dominicam
1622 1414 1838 1457 indulgentie7
1875 1415 1961 1447 idem
1994 1415 2132 1447 eximius

280 1467 389 1507 presul
414 1466 550 1497 eundem
576 1470 722 1498 sanctum
750 1468 856 1498 locum
880 1467 1066 1509 ingrediens
1090 1467 1265 1498 honorifice
1291 1470 1476 1508 susceptus,
1509 1470 1545 1498 ut
1568 1467 1701 1508 dignum
1730 1471 1815 1507 erat,
1848 1468 2023 1498 crastinum
2047 1467 2133 1499 dien]

282 1528 410 1548 crucem
435 1529 506 1548 cum
531 1519 627 1549 ramis
654 1518 695 1561 [p.
719 1518 767 1561 12]
794 1519 973 1560 palmarum
998 1518 1157 1556 tollendo,
1181 1518 1344 1549 dominum
1369 1518 1549 1559 sequendo,
1572 1519 1687 1550 missas
1713 1519 1902 1560 spiritaliter
1927 1518 2133 1553 celebrando„

281 1579 375 1610 quam
398 1569 507 1610 plures
533 1569 572 1601 dc
597 1571 762 1601 monachis
788 1574 819 1601 et
844 1571 883 1602 de
909 1571 994 1601 clero
1020 1570 1158 1601 diversis
1182 1570 1338 1611 gradibus
1364 1570 1537 1601 salubriter
1566 1570 1760 1609 ordinando,
1796 1571 1880 1602 viam
1911 1570 2132 1602 mandatorum

281 1620 332 1651 dei
351 1621 473 1651 cunetis
491 1622 688 1661 generaliter
710 1623 790 1653 mira
807 1633 844 1653 ac
860 1625 997 1664 paterna
1014 1621 1158 1653 doctrina
1175 1622 1398 1663 predicatione
1416 1621 1627 1659 ostendendo,
1651 1623 1834 1653 innumeros
1852 1623 1949 1653 etiam
1964 1622 2134 1663 utriusque

281 1682 378 1702 sexus
402 1673 551 1703 unctione
577 1673 762 1705 chrismatis
787 1677 897 1712 sancte
921 1674 995 1705 fidei
1019 1673 1227 1715 aggregando
1259 1674 1291 1704 in
1316 1674 1431 1704 divinis
1464 1674 1614 1705 laudibus
1644 1674 1728 1705 letus
1763 1675 1882 1715 exegit.
1934 1674 1995 1705 Die
2025 1677 2134 1705 autem

280 1723 382 1754 tercia
406 1725 612 1765 congregatis
637 1726 677 1756 ad
704 1726 910 1757 collationem
936 1725 1089 1756 fratribus
1114 1726 1184 1767 ipsc
1210 1736 1247 1756 eo
1272 1725 1426 1756 invitatus
1459 1726 1549 1756 stetit
1579 1726 1610 1756 in
1634 1725 1741 1757 medio
1771 1726 1922 1765 fratrum,
1952 1735 2134 1757 memorans

283 1774 357 1805 licet
380 1775 464 1806 bene
490 1776 726 1815 recolentibus,
757 1777 865 1818 qualia
889 1779 922 1808 et
945 1780 1042 1808 antea
1065 1777 1210 1818 pollicita
1235 1779 1327 1815 sunt,
1352 1780 1384 1807 et
1407 1779 1442 1807 ut
1465 1776 1572 1808 denuo
1596 1776 1807 1808 fraternitatis
1832 1777 2014 1809 communio
2038 1787 2132 1808 reno-

282 1829 374 1857 vetur
399 1827 505 1868 petiit.
538 1831 573 1858 ut
604 1828 634 1858 in
661 1829 803 1859 oratione
828 1839 890 1869 que
915 1829 1000 1859 omni
1025 1828 1076 1859 dic
1101 1829 1136 1859 fit
1159 1828 1191 1858 in
1215 1828 1351 1859 basilica
1381 1828 1481 1859 sancti
1506 1828 1593 1859 Petri
1618 1828 1658 1859 ab
1683 1829 1833 1860 omnibus
1858 1840 1915 1870 pro
1938 1829 2133 1871 imperatore

285 1880 317 1908 et
349 1888 406 1919 pro
436 1878 551 1916 ceteris
588 1879 852 1911 benefactoribus
886 1883 918 1911 ct
948 1880 1108 1910 tutoribus
1145 1880 1263 1910 nostris
1293 1880 1321 1910 ei
1353 1880 1540 1921 specialiter
1570 1890 1627 1921 pro
1658 1880 1785 1911 vinculo
1817 1881 1958 1911 caritatis
1990 1881 2133 1922 psalmus

283 1928 449 1960 C.XL.II.
482 1933 616 1961 canatur
651 1934 682 1962 et
712 1931 743 1961 in
769 1931 883 1962 eaden]
907 1931 1007 1962 missa
1037 1941 1098 1972 que
1130 1931 1172 1961 ibi
1203 1930 1238 1962 fit
1262 1941 1318 1972 pro
1344 1930 1518 1970 defunctis.
1550 1931 1602 1962 III
1631 1932 1779 1962 missales
1804 1932 1966 1962 orationes
1991 1932 2045 1963 illo
2068 1935 2133 1962 tam

284 1980 365 2018 vivo,
390 1980 479 2021 quasi
505 1985 590 2012 esset
614 1981 795 2017 defunctus.
821 1985 967 2023 agantur.

386 2121 400 2141 4
421 2117 553 2150 Meginbto
572 2129 587 2144 ιι
604 2124 693 2151 postca
712 2122 737 2145 in
761 2130 784 2145 m
805 2131 870 2145 corr.
975 2124 989 2145 5
1008 2121 1062 2145 cod.
1086 2121 1177 2152 quouis
1293 2124 1307 2144 (ἰ
1326 2129 1346 2145 c.
1370 2121 1477 2146 oratiore
1592 2126 1607 2146 9
1625 2122 1684 2146 inde
1710 2123 1742 2146 ab
1766 2122 1814 2146 lun:
1837 2122 1905 2146 linea
1928 2122 1983 2146 alia
2005 2122 2133 2154 scriptura

283 2161 382 2191 incipit:
401 2162 472 2185 rcrlz‘u
493 2171 570 2185 muna
589 2163 614 2186 ἱη
626 2165 681 2194 stne
691 2164 804 2195 stnyinac
823 2164 938 2187 additum
959 2168 1007 2188 est:
1027 2165 1064 2188 De
1084 2164 1204 2195 martyrio
1224 2172 1269 2187 suo
1289 2172 1342 2195 vsq,
1363 2164 1420 2188 hue..
1459 2164 1491 2188 In
1511 2166 1594 2192 fronte
1606 2166 1718 2197 passae'nac
1737 2174 1820 2189 nonae
1839 2165 1935 2196 incipit:
1961 2166 2005 2188 DF.
2023 2165 2087 2189 libro
2101 2165 2132 2189 II.

283 2203 348 2227 vitae
375 2204 440 2229 beati
465 2206 574 2235 gregorii
603 2215 682 2237 papae
709 2216 763 2239 cap.
795 2208 872 2231 lillll.
993 2210 1020 2230 ll
1047 2207 1105 2231 2⁴11ch
1131 2207 1162 2230 ab
1190 2206 1237 2230 lun:
1261 2207 1328 2230 linea
1352 2215 1429 2237 'usque
1456 2208 1491 2231 ad
1514 2208 1623 2231 mediam
1650 2217 1708 2239 pay.
1736 2210 1817 2232 181'11112
1846 2216 1910 2231 nonu
1935 2208 2062 2239 scriptura
2089 2211 2131 2232 est.

1394 2244 1402 2254 ,.

287 2260 373 2282 121111
395 2260 461 2284 linea
473 2261 622 2285 transducta
636 2262 751 2293 delemur,
771 2263 803 2286 Vl
823 2271 900 2286 ¹uzani!
921 2271 968 2287 rec.
988 2270 1113 2294 smper-scr.
1205 2264 1232 2285 1⁸
1250 2270 1269 2285 c.
1289 2262 1414 2294 singulassi
1503 2266 1531 2286 2!
1545 2263 1599 2287 cod.
1619 2264 1744 2295 trigisimfi
1833 2266 1864 2286 22
1877 2263 1931 2287 cod.
1950 2263 2133 2295 indefetigabili

1145 2297 1165 2310 Ul
2021 2295 2035 2299 -

284 2316 316 2337 '29
335 2314 389 2338 cod.
411 2316 440 2339 (τό
538 2318 567 2339 31
587 2326 606 2340 c.
627 2324 676 2351 ‘11¹ss
696 2318 722 2341 lit
741 2318 816 2349 omni,
837 2319 863 2342 lit
883 2326 983 2341 eras-mn
1092 2319 1123 2341 32
1142 2318 1214 2342 torib'
1319 2320 1350 2341 3:2¹
1372 2318 1396 2341 in
1416 2326 1539 2349 szzpcrscr.
1647 2322 1679 2343 *34
1700 2319 1754 2343 cod.
1778 2319 1902 2343 desuetus.
1943 2319 2040 2351 lnfine
2058 2318 2132 2343 huius

283 2357 392 2387 pessimae
411 2357 472 2381 lmen:
491 2358 597 2383 ‹lisciclm
617 2359 705 2383 «uldila
725 2365 794 2384 sunt:
824 2360 896 2390 {Quis
915 2361 962 2384 scit
980 2361 1000 2384 si
1019 2360 1198 2389 conuertatur).

880 2413 1018 2446 I'rqceptor
1037 2413 1125 2435 fratres
1145 2412 1191 2435 hoc.
1211 2412 1283 2443 signo
1302 2416 1423 2436 convocat
1443 2420 1538 2443 omnes,

950 2446 1073 2477 Exemplo
1092 2446 1185 2470 domini
1204 2454 1262 2470 cuni
1281 2446 1348 2470 lavat
1366 2446 1435 2470 unda
1453 2447 1541 2478 pedes:

883 2482 986 2505 Necnon
1005 2480 1139 2504 consilium
1157 2484 1253 2504 constat
1274 2481 1293 2503 si
1313 2482 1376 2505 forte
1393 2481 1540 2512 gerendum,

950 2516 1007 2538 Hoc
1026 2515 1114 2539 moniti
1131 2515 1205 2546 signo
1224 2515 1381 2539 conveniunt
1399 2515 1490 2539 subito,

848 2562 857 2574 5.
883 2549 1013 2573 Laudibus
1032 2553 1056 2573 et
1075 2549 1155 2573 noctis
1175 2549 1300 2573 interdum
1320 2550 1365 2573 rite
1385 2550 1492 2581 peractis

950 2583 1086 2615 Captamus
1105 2592 1229 2613 somnum,
1249 2584 1268 2607 si
1288 2584 1383 2607 dederit
1401 2582 1554 2613 soiii1u111:³''³)

883 2618 1000 2649 (peperit
1018 2621 1043 2642 at
1062 2618 1138 2642 radiis
1157 2618 1274 2642 Phoebus
1293 2626 1350 2642 cum
1370 2626 1487 2650 spargere
1505 2618 1595 2647 lucem,

951 2653 1007 2676 Hoc
1025 2655 1158 2676 resonante
1177 2661 1252 2684 sopor
1271 2653 1337 2676 otius
1356 2653 1437 2676 onmis
1456 2653 1516 2677 abit.

394 2735 422 2755 lu
441 2730 471 2755 flu>
495 2731 638 2755 tifilam-mla
662 2741 680 2757 κ.
701 2733 737 2757 ml
760 2734 777 2760 l.
792 2738 846 2761 3:¹0,
864 2740 890 2759 m
909 2737 931 2759 et.
950 2744 1014 2760 nnn.
1036 2735 1115 2768 San-(J.
1136 2734 1172 2759 ml
1191 2739 1243 2760 925Δ
1354 2741 1379 2761 12
1399 2735 1562 2761 (nomadas
1580 2744 1630 2768 spa.
1652 2736 1739 2761 (faust.
1759 2740 1891 2762 9.3.5-—1›76.
1999 2740 2025 2761 14
2046 2734 2131 2768 Ριωῃ-

287 2763 389 2788 lmrdns
408 2765 462 2789 ahl»,
484 2766 564 2796 Νιιιιῃ,
579 2770 707 2792 enm—5¹71.
801 2772 824 2792 15
843 2769 932 2793 'l'lu'eeo
950 2769 1004 2794 abb.
1026 2769 1107 2802 Story.
1129 2773 1266 2794 9-33-›·.<›-w.
1365 2775 1390 2795 m
1409 2771 1491 2796 Gralo
1510 2770 1563 2796 abb.
1585 2771 1666 2803 szy.
1687 2774 1822 2797 940—953.
1889 2772 1898 2803 ΙΙ
1913 2770 1944 2795 In
1966 2770 2032 2795 libro
2051 2769 2130 2803 confi:

289 2797 440 2824 (Συηνιιιίιιηι
467 2808 520 2823 noa
540 2801 645 2831 wsmari.
790 2804 813 2832 Ὀ
835 2803 895 2827 Met.
918 2803 971 2835 ΙΙΙ,
991 2807 1023 2828 37
1040 2803 1117 2829 dedit
1136 2803 1266 2830 sonitum.
