2235 3146
717 118 748 143 A.
781 117 1169 144 CONFRATERNITATUM
1191 118 1367 144 TABULAE.
1905 120 1962 149 137

117 222 181 242 non
204 211 331 242 modica
355 214 387 243 et
410 212 441 242 in
465 211 498 242 id
529 212 633 252 ipsum
663 222 682 242 a
709 222 786 252 rege
811 211 992 252 Anglorum
1024 212 1138 243 eadem
1170 213 1229 243 sibi
1262 213 1381 243 tradita
1405 213 1544 243 visitatis
1575 214 1606 243 in
1630 212 1782 243 IDIBUS
1807 211 1962 243 OCTOB.

116 263 204 293 venit
227 262 266 292 ad
290 273 386 292 mona
410 263 649 294 steriumsancti
674 262 771 293 Galli.
828 262 955 303 Quique
988 264 1169 303 gratissime
1194 275 1211 294 n
1237 264 1390 294 fratribus
1417 268 1587 305 susceptus
1612 268 1644 295 et
1668 263 1812 295 eiusdem
1837 264 1963 304 patroni

117 314 216 344 nostri
245 314 455 344 festivitatem
486 325 556 345 cum
586 314 649 344 illis
682 313 876 344 celebrando
912 317 1049 354 quatuor
1090 314 1209 345 ibidem
1243 315 1313 345 dies
1348 315 1533 346 demoratus
1563 319 1620 346 est.
1672 314 1821 345 Secundo
1854 317 1962 344 autem

115 367 283 406 postquam
313 365 542 396 monasterium
572 365 738 406 ingressus
766 367 830 400 est5
866 365 926 395 hoc
959 368 1008 395 est
1038 366 1069 395 in
1098 365 1167 406 ipso
1199 365 1410 407 depositionis
1442 367 1544 397 sancti
1575 367 1661 397 Galli
1691 367 1760 403 (110,
1795 365 1962 396 basilicam

116 416 245 446 intravit
273 419 304 446 ct
335 417 505 457 pecuniam
537 417 701 458 copiosam
731 427 840 447 secum
870 416 991 453 attulit,
1027 416 1067 447 de
1100 428 1163 458 qua
1194 420 1317 458 partem
1353 418 1466 448 altario
1499 419 1667 459 imposuit,
1703 421 1827 459 partem
1864 416 1962 447 etiam
2007 434 2018 450 5

115 467 247 497 utilitati
269 468 404 498 fratrum
428 467 571 498 donavit.
617 468 697 498 Post
720 468 779 506 hec
804 479 842 498 eo
867 468 899 498 in
924 471 1118 499 conventum
1143 472 1286 499 nostrum
1311 468 1493 499 introducto
1520 470 1625 500 omnis
1651 469 1860 510 congregatio
1886 479 1962 499 eon-

116 518 212 549 cessit
235 518 265 549 ei
289 529 449 549 annonam
473 519 567 549 unius
591 519 699 550 fratris
724 522 756 550 et
780 519 917 550 candem
942 519 1131 557 orationem,
1157 530 1251 560 quam
1276 530 1333 561 pro
1358 520 1501 561 quolibet
1525 520 1565 551 de
1590 521 1708 551 nostris
1741 520 1808 551 sive
1834 520 1962 550 vivente

116 569 182 600 sive
206 569 272 600 vita
295 569 473 601 decedente
497 570 605 601 facere
636 570 793 608 solemus,
824 581 881 611 pro
916 570 970 600 illo
1002 571 1158 601 facturam
1183 571 1418 611 perpetualiter
1441 572 1598 612 promisit.
1650 571 1721 601 IIec
1750 574 1825 601 suut
1855 574 1962 601 autem

116 620 245 651 nomina
260 631 322 662 que
340 622 498 653 conscribi
516 622 657 663 rogavit:
683 621 756 653 Rex
770 621 1153 663 AnglorumAdalstean.
1186 621 1388 652 Keonowald
1407 622 1589 663 episeopus,
1616 623 1778 663 Wighart.
1813 621 1963 653 Keuvun.

117 671 246 703 Conrat.
293 671 466 705 Keonolaf.
511 673 693 704 Wundrud.
741 672 929 704 Keondrud.

221 732 282 773 (6.)
319 731 360 774 [p.
379 732 410 774 6]
436 732 531 764 Anno
555 734 596 764 ab
620 732 845 764 incarnatione
872 732 991 763 Christi
1020 732 1141 763 domini
1158 732 1397 763 DOCCOVIH.
1424 736 1580 774 regnante
1606 732 1813 763 IILudowico
1838 732 1963 763 Arnolfi

115 782 319 824 imperatoris
344 784 418 821 filio,
444 785 614 817 undecimo
639 785 730 825 regni
755 785 856 826 ipsius
882 795 976 819 anno,
1001 783 1174 814 indictione
1192 784 1372 822 undecima,
1398 784 1455 814 ID.
1476 784 1572 816 OOT.
1598 784 1648 815 die
1674 784 1765 815 sabb.
1790 784 1822 814 in
1847 784 1964 824 vigiliis

115 834 219 864 sancti
237 833 321 866 Galli
340 835 547 873 confessoris5
564 837 651 867 venit
675 835 791 867 beatae
809 835 984 866 memoriae
1003 835 1223 866 nobilissimus
1241 835 1411 876 Augustae
1427 836 1616 867 Vindelieae
1634 835 1781 877 pontifex
1798 834 1963 865 Adalbero

114 885 221 916 iuncto
246 886 307 917 sibi
331 887 503 918 mitissimo
530 888 729 919 Sebonensis
754 887 891 925 ecclesie
922 887 1066 917 antistite
1090 886 1296 927 Meginberto
1329 888 1359 917 iu
1385 888 1617 918 monasterium
1646 887 1751 917 sancti
1776 886 1861 917 Galli
1894 886 1962 917 cius

116 936 247 978 cupiens
272 938 430 970 interesse
455 939 633 970 festivitati.
680 939 826 980 Cumque
850 939 952 979 ipsam
968 938 1173 969 venerandae
1192 939 1406 969 solemnitatis
1428 939 1460 969 in
1479 939 1636 970 coenobio
1655 942 1782 969 noctem
1805 937 1962 971 duxisset,

115 998 209 1019 manc
233 988 410 1030 basylicam
434 991 600 1032 ingressus
624 990 664 1022 ad
689 990 792 1021 sancti
816 990 1009 1021 confessoris
1035 990 1179 1020 tumbam
1205 990 1353 1021 accessit.
1400 990 1527 1021 Deinde
1553 990 1707 1021 fratribus
1732 990 1772 1020 ad
1796 1000 1830 1020 se
1849 989 1963 1019 dextro

114 1039 225 1071 altaris
254 1041 348 1072 lateri
379 1043 568 1073 coniunctus
599 1042 766 1074 accersitis
799 1052 926 1072 crucem
957 1052 1087 1072 auream
1119 1041 1256 1081 gennnis
1291 1041 1517 1082 interpositam
1548 1042 1746 1082 calicemque
1779 1041 1963 1072 onichinum

115 1101 192 1121 auro
223 1094 255 1122 et
286 1093 423 1133 gemmis
452 1094 620 1135 eleganter
647 1097 795 1135 paratum
823 1103 894 1123 cum
924 1096 1043 1134 patena
1074 1103 1173 1123 aurea
1200 1093 1300 1123 nihilo
1326 1093 1431 1123 minus
1462 1097 1627 1134 gemmata
1656 1093 1770 1124 altario
1800 1092 1962 1133 imposuit.

115 1142 281 1183 palliolum
312 1144 409 1175 etiam
438 1146 644 1187 casulamque
674 1145 808 1186 pretiosi
836 1145 981 1185 generis,
1013 1155 1138 1175 necnon
1169 1144 1275 1175 albam
1307 1155 1379 1175 cum
1410 1145 1539 1186 cingulo
1565 1146 1711 1186 stolaque
1737 1156 1773 1176 ae
1797 1144 1961 1185 mappula,

116 1194 237 1225 cunctis
262 1195 311 1225 his
336 1206 414 1227 auro
439 1197 601 1238 perfectis,
627 1196 732 1228 eidem
756 1196 910 1238 applicuit
934 1207 1019 1227 arae.
1068 1195 1133 1227 Sed
1157 1200 1189 1227 et
1213 1206 1363 1236 maguam
1394 1207 1508 1227 caerae
1535 1197 1658 1239 copiam
1684 1200 1803 1228 sanctae
1828 1195 1963 1226 contulit

115 1245 196 1277 aedi.
248 1245 448 1288 Campanum
480 1258 607 1290 quoque
638 1248 737 1279 mirae
769 1247 1000 1289 magnitudinis
1031 1250 1063 1278 et
1097 1248 1237 1278 eximiae
1267 1247 1453 1278 sonoritatis
1483 1249 1552 1279 loco
1583 1249 1785 1279 contradidit.
1836 1247 1963 1277 Exhinc

116 1297 217 1327 sancti
243 1297 366 1329 Otmari
391 1299 497 1330 loculo
522 1299 682 1331 accedens
713 1299 815 1341 ipsius
847 1309 922 1330 arae
952 1299 1118 1340 palliolum
1144 1299 1222 1329 satis
1248 1299 1424 1339 pretiosum
1458 1300 1721 1342 super-expandit.
1777 1300 1856 1330 Post
1883 1299 1963 1329 hacc

115 1348 218 1378 sancti
247 1348 335 1380 Petri
365 1351 536 1382 ecclesiam
568 1351 747 1392 ingreditur
777 1360 967 1391 magnaeque
1003 1350 1081 1381 inibi
1114 1350 1349 1381 aestimationis
1378 1351 1545 1392 palliolum
1577 1352 1746 1382 condonat.
1808 1350 1963 1391 Sequenti

114 1409 190 1430 vero
216 1399 282 1440 die,
314 1401 346 1432 in
376 1413 439 1444 qua
468 1404 570 1434 saneti
598 1402 760 1434 dedicatio
789 1402 901 1443 templi
926 1401 1108 1439 colebatur,
1141 1402 1314 1442 plerosque
1343 1403 1573 1434 monachorum
1602 1403 1762 1444 precipuis
1792 1401 1964 1433 honoravit

116 1451 262 1493 eulogiis.
309 1453 509 1489 Quibusdam
538 1465 695 1496 purpuras
719 1452 977 1496 Ty[p.7]riaca5,
1008 1453 1201 1494 quibusdam
1227 1456 1335 1484 autem
1360 1454 1492 1495 palliola
1522 1454 1636 1485 viridia
1661 1465 1733 1485 cum
1763 1453 1962 1485 camisilibus

116 1512 174 1533 seu
193 1503 286 1544 glizis
310 1505 453 1538 donavit.
498 1506 610 1538 Tertia
632 1505 745 1537 itidem
769 1505 820 1536 die
845 1505 1017 1546 unicuique
1035 1505 1169 1535 fratrum
1194 1505 1359 1547 pellicium
1384 1516 1454 1536 011111
1480 1507 1564 1548 pelle
1589 1506 1774 1537 eux-tamisia
1797 1506 1866 1536 dari
1889 1516 1962 1546 prc-

118 1554 213 1595 cepit.
259 1555 382 1591 Quarta
405 1558 483 1589 item
507 1559 559 1589 die
585 1558 692 1589 cuncti
716 1568 774 1599 per
798 1556 942 1588 ordinem
967 1557 1081 1587 iterata
1108 1557 1148 1587 ab
1174 1567 1212 1587 eo
1230 1567 1364 1587 munera
1386 1562 1612 1599 perceperunt,
1639 1558 1762 1588 scilicet
1778 1560 1833 1588 aut
1850 1566 1963 1597 sagum

115 1605 244 1637 laneum
269 1608 377 1639 album
401 1613 456 1640 aut
487 1610 632 1640 camisile
663 1609 783 1639 subtile
814 1619 850 1639 ac
880 1608 1001 1650 grande
1033 1619 1089 1639 seu
1115 1608 1310 1639 chozzonem
1341 1608 1408 1639 sive
1442 1609 1549 1639 lenam
1580 1620 1677 1650 opere
1702 1608 1860 1650 plumario
1886 1618 1962 1638 con-

116 1659 249 1689 textam.
299 1659 488 1702 Eademque
518 1661 568 1692 die
600 1660 807 1692 refectorium
838 1671 932 1691 omne
961 1661 1039 1690 miro
1073 1663 1230 1701 apparatu
1265 1660 1406 1692 ornavit,
1438 1660 1600 1701 tapetibus
1631 1660 1783 1691 videlicet
1810 1659 1962 1701 plumatis

117 1710 279 1742 sessiones
303 1712 437 1743 fratrum
460 1712 602 1754 undique
627 1716 788 1748 sternens,
814 1723 896 1753 quae
921 1712 1016 1742 simul
1039 1722 1172 1742 numero
1193 1711 1278 1742 XIII
1303 1712 1442 1746 fuerunt,
1468 1712 1625 1753 pulpitum
1651 1712 1747 1742 etiam
1772 1710 1962 1752 facitergula

117 1770 212 1792 coeco
237 1762 413 1804 imaginata
437 1764 628 1795 circumdari
658 1764 752 1794 iussit
780 1763 963 1805 gradusque
989 1764 1058 1794 eius
1090 1764 1211 1804 tapetio
1245 1763 1353 1794 velari.
1408 1763 1541 1794 Necnon
1576 1766 1607 1794 et
1636 1763 1802 1804 palliolum
1834 1761 1964 1803 grandis

116 1812 211 1853 pretii
243 1823 262 1843 a
292 1817 383 1855 tergo
413 1815 491 1846 fecit
520 1816 646 1847 abbatis
677 1816 830 1856 suspendi
867 1826 1061 1856 mensasque
1094 1825 1206 1845 omnes
1241 1815 1450 1855 operimentis
1484 1814 1647 1845 mandavit
1681 1814 1807 1855 glizinis
1843 1813 1966 1844 vestiri.

118 1862 183 1894 Sed
206 1867 238 1895 et
261 1865 338 1897 foris
363 1867 480 1897 ostium
504 1867 666 1898 refectorii
692 1867 838 1898 eiusdem
863 1869 1012 1897 texturae
1044 1866 1253 1906 manutergiae
1284 1868 1358 1895 sunt
1388 1865 1460 1896 hinc
1486 1870 1518 1896 et
1542 1866 1616 1897 inde
1643 1876 1832 1907 suspensae.
1881 1864 1965 1895 Con

117 1915 234 1946 vivium
259 1928 385 1959 quoque
415 1919 454 1950 de
479 1930 536 1950 suo
569 1919 681 1950 eadem
712 1919 764 1950 die
795 1930 866 1949 cum
898 1919 984 1949 omni
1016 1918 1211 1948 sufficientia
1239 1918 1381 1948 ciborum
1416 1921 1447 1948 et
1477 1922 1608 1959 potuum
1642 1917 1800 1948 univcrsae
1830 1916 1963 1946 fratrum

118 1968 320 2007 generalitati
363 1970 476 2001 instrui
515 1972 671 2012 precepit.
739 1970 866 2001 Calices
909 1971 1005 2001 ctiam
1051 1973 1224 2010 argenteos
1265 1974 1297 1999 et
1336 1970 1422 2010 ipsos
1469 1969 1668 2011 pergrandes
1708 1979 1818 1999 secum
1857 1968 1963 1998 attulit

119 2020 411 2063 monachorumque
436 2034 489 2053 eos
518 2023 628 2054 usibus
651 2023 804 2064 deinceps
837 2023 984 2064 deputari
1010 2022 1182 2052 mandavit.
1229 2021 1290 2051 IIis
1316 2022 1439 2052 exactis
1465 2020 1549 2051 idem
1574 2020 1823 2051 liberalissimus
1847 2020 1964 2061 praesul

118 2071 229 2112 pyrale
254 2074 516 2115 congregationis
540 2075 671 2105 intravit
695 2075 904 2116 pectinesque
931 2074 1091 2104 eburneos
1116 2073 1337 2114 magnitudine
1363 2076 1394 2103 et
1418 2072 1552 2102 artificio
1578 2072 1721 2112 insignes
1741 2071 1862 2101 catenis
1887 2071 1964 2102 feeit

117 2123 226 2153 aeneis
251 2123 369 2155 ibidem
394 2126 548 2167 suspendi
573 2137 609 2156 ac
634 2126 852 2166 manutergias
878 2136 934 2167 per
963 2126 1106 2166 singulos
1129 2125 1271 2165 singulas
1294 2124 1436 2165 adiungi.
1476 2123 1591 2154 Preter
1613 2124 1693 2154 haec
1713 2122 1963 2163 benignissimus

118 2174 253 2205 antistes
277 2179 345 2206 tota
369 2177 424 2207 illa
448 2173 630 2208 ebdomada
654 2178 684 2208 in
708 2177 905 2208 monasterio
930 2177 1109 2207 consistens
1135 2176 1332 2207 cottidianae
1356 2177 1473 2206 fratres
1500 2174 1686 2205 refectionis
1712 2173 1908 2204 abundantia
1932 2177 1964 2204 et

118 2224 313 2258 iocunditate
346 2228 511 2266 letificavit
541 2228 582 2271 [p.
607 2228 637 2270 8]
672 2229 846 2266 uberrima3
877 2229 934 2259 sed
964 2233 996 2259 et
1032 2228 1118 2258 omni
1149 2238 1231 2268 pene
1261 2228 1291 2257 111
1324 2227 1519 2257 monasterio
1550 2226 1691 2256 familiae
1725 2225 1962 2256 munificentiae

221 2368 233 2389 1
252 2374 271 2389 c.
291 2367 438 2398 angelorum
552 2370 567 2392 2
620 2372 676 2399 lto-s!
698 2372 832 2400 susceptus
850 2376 952 2391 erasum
972 2371 1006 2390 est
1110 2371 1124 2390 51
1143 2366 1195 2390 uod.
1215 2366 1363 2397 augelorum
1472 2366 1497 2387 12
1516 2364 1647 2387 vndecimo
1667 2371 1699 2385 vu
1725 2363 1749 2385 in
1774 2371 1826 2386 ras.
1846 2371 1896 2393 pru
1915 2363 1964 2386 duo

120 2401 150 2423 17
161 2399 214 2431 ipse
233 2404 294 2448 ami
309 2402 461 2426 coniunctus
469 2407 560 2434 postea
578 2403 633 2426 alla
650 2411 729 2426 mmm
747 2411 872 2434 superscr.
964 2404 994 2425 17
1006 2410 1026 2425 0.
1046 2401 1228 2425 onichztiuum
1249 2399 1323 2430 (ras.)
1433 2400 1462 2422 19
1511 2398 1574 2422 inter
1594 2400 1610 2420 n
1624 2401 1645 2420 el
1658 2397 1717 2421 alba
1732 2400 1821 2427 postea
1840 2405 1964 2427 supcrscr.

826 2443 830 2446 .

118 2455 148 2478 25
207 2456 343 2482 <tamisi-bus
446 2459 478 2481 36
497 2458 550 2481 cod.
574 2458 679 2490 depitari
783 2458 1007 2489 381112211utergias
1076 2466 1128 2480 ras.
1223 2458 1255 2479 3
1280 2464 1323 2487 per
1347 2463 1471 2485 supet-scr.
1543 2462 1595 2477 ras.
1687 2456 1717 2477 :w
1737 2457 1794 2484 post
1826 2453 1965 2477 ebdomada

117 2496 168 2514 rae.
187 2488 267 2522 [unius
286 2490 382 2516 litterae
400 2492 438 2516 vel
456 2492 574 2516 (lamma.
680 2494 712 2517 39
731 2501 750 2516 c.
770 2493 943 2517 habundantia
962 2492 977 2515 h
996 2500 1061 2516 eras.
1166 2493 1199 2514 40
1217 2491 1271 2514 eius
1288 2493 1345 2521 [test
1363 2489 1515 2513 iocunditate
1535 2496 1635 2512 erasum
1654 2492 1695 2511 est.

221 2578 235 2599 9
252 2574 283 2599 de
301 2575 463 2601 Adelsteano
484 2585 501 2600 r,
521 2576 558 2601 ch
571 2577 593 2608 1
611 2579 666 2607 332,
680 2581 698 2602 1.
788 2576 953 2602 Kemmwalcl
972 2575 1020 2609 [ef.
1044 2575 1062 2607 L
1082 2578 1136 2606 332,
1150 2574 1202 2607 28J.
1301 2573 1419 2605 lliylmrt
1438 2573 1485 2605 [cf.
1503 2573 1523 2607 ,
1542 2576 1596 2601 332.
1610 2571 1662 2604 24],
1753 2570 1866 2609 Nem-191
1881 2571 1927 2604 sos,
1944 2572 1965 2601 ,

120 2609 173 2639 332,
192 2608 244 2641 26],
350 2614 379 2635 10
400 2609 499 2635 Conrnt
520 2610 568 2643 [cf.
589 2611 610 2641 I,
629 2615 683 2642 332,
705 2610 756 2643 25].
823 2612 833 2643 {1
847 2611 988 2642 Kconolaf
1003 2610 1051 2643 [cf.
1073 2610 1094 2639 I,
1112 2612 1166 2639 332,
1180 2608 1231 2641 29],
1330 2606 1472 2631 ummo-ml
1491 2606 1539 2639 [cf.
1564 2606 1581 2637 ,
1603 2608 1658 2633 3:22.
1672 2604 1723 2637 27].
1789 2605 1799 2636 ll
1813 2605 1965 2643 Iieondrml

120 2640 166 2674 [Cs-
180 2642 202 2674 ,
220 2646 274 2673 332,
288 2643 341 2677 30].
442 2649 466 2669 11
485 2644 516 2669 (lc
536 2648 649 2677 tempure
668 2646 698 2676 cll
716 2645 884 2670 letmunn.
908 2645 944 2675 II,
962 2649 1014 2670 1321.
1052 2644 1194 2669 Dsonmlar.
1218 2643 1252 2669 II,
1274 2646 1325 2671 156,
1347 2651 1370 2666 11.
1391 2646 1428 2665 rto.
1528 2643 1557 2665 13
1578 2639 1708 2664 Adultera
1728 2648 1778 2677 sps.
1799 2639 1867 2672 Any.
1889 2640 1963 2665 de,

120 2678 262 2703 887909.
358 2683 386 2703 14
408 2679 589 2711 Illcgsinbcrtws
607 2679 779 2705 sabionensis
798 2688 848 2711 eps.
869 2683 1012 2704 sutrsssoetf.
1051 2678 1092 2703 Da
1113 2678 1224 2702 vestibus
1243 2676 1403 2708 eaeterisque
1422 2675 1499 2700 rebus
1517 2682 1584 2706 quas
1603 2676 1763 2699 utonnstmvn
1787 2672 1964 2702 donat-erunt

119 2710 334 2770 Cssfngalffl'lwnn:
355 2715 378 2738 et
397 2713 540 2739 Dmmnler.
562 2713 652 2739 Mitth.
669 2714 722 2746 ,
742 2717 769 2739 15
787 2722 822 2746 sq.
837 2714 981 2745 Ih'tmnzlcr,
1002 2712 1176 2738 lvormellmch
1199 2715 1245 2736 125.
1268 2715 1313 2736 140
1332 2713 1354 2735 ct
1373 2709 1405 2735 de
1424 2709 1567 2734 donatione
1586 2708 1644 2740 ipsa
1664 2707 1763 2733 Elea-eh.
1782 2716 1833 2733 cas.
1853 2717 1871 2733 s.
1892 2708 1965 2733 Galli

166 2764 171 2770 .
246 2750 284 2771 81.

206 2792 279 2819 [amm
299 2784 469 2821 confinxi-[S.
488 2794 565 2819 GALm
585 2794 648 2820 Auc.
668 2794 728 2820 .
1731 2789 1759 2813 lb'

2006 690 2034 708 10

2007 1210 2035 1228 20

2007 1467 2034 1485 25

2006 1724 2035 1742 30

2008 2235 2035 2253 40
