2339 3130
307 183 367 213 328
1748 188 1811 213 pag.
1832 179 1889 205 cod.
1909 188 1971 213 aug.
1992 179 2153 205 CXXXVII.

1191 470 1263 501 (575)

553 590 687 620 Domino
725 589 911 621 venerabili.
951 595 982 619 et
1022 590 1051 619 in
1093 590 1212 620 christo
1249 590 1341 632 patri.
1388 590 1432 620 ill.
1472 590 1579 620 abbati
1621 590 1715 620 simul
1760 601 1831 620 cum
1874 590 1943 620 feli-

550 642 576 671 ‹·i
603 645 706 672 vostra
733 641 993 681 congregatione.
1018 651 1113 681 quam
1139 641 1288 672 dominus
1313 642 1353 672 dc
1379 641 1514 672 diversis
1539 641 1712 682 provinciis
1736 641 1774 672 ad
1801 642 1946 682 peregri-

552 694 690 724 nandum
723 698 852 735 propter
881 704 995 723 nomen
1030 704 1132 724 suum.
1165 694 1223 724 sub
1256 694 1328 733 iugo
1353 693 1487 724 militiae
1512 696 1609 734 atque
1635 693 1807 724 servitutis.
1832 694 1947 734 alaque

551 745 759 786 protectionis
789 745 963 775 ¹secundum
994 745 1201 785 euangelium
1227 745 1346 776 Christi
1380 745 1570 786 regulariter
1594 745 1758 775 vobiscum
1783 744 1944 775 coaduna-

523 814 533 828 ;,
552 797 604 826 vit.
655 797 843 827 Audivimus
861 796 945 837 quod
964 796 1110 827 dominus
1128 796 1226 827 Jesus
1245 796 1394 827 Christus
1412 807 1470 837 per
1488 797 1694 837 euangelium
1712 807 1804 827 suum
1822 807 1945 828 annun-

553 849 608 878 tiat
654 847 780 879 dicens:
856 848 925 878 Nisi
976 848 1046 889 quis
1081 849 1315 879 renuntiaverit
1360 848 1507 879 omnibus
1556 858 1638 889 quae
1685 848 1839 890 possidet.
1883 858 1946 877 non

552 904 657 940 potest
698 910 787 929 meus
827 910 898 930 esse
941 899 1129 940 discipulus
1185 900 1227 930 Et
1262 900 1356 930 alibi:
1421 900 1484 935 Qui
1525 900 1693 941 reliquerit
1730 903 1855 941 patrem
1893 902 1947 929 aut

554 954 685 981 matrem
712 954 765 981 aut
780 951 895 981 fratres
920 954 975 981 aut
990 960 1128 981 sorores.
1146 951 1260 982 domus
1285 954 1340 982 aut
1357 962 1464 992 agros,
1489 954 1522 982 et
1538 954 1656 982 eaetera
1674 954 1805 993 propter
1829 961 1946 982 nomen

552 1013 667 1033 meum.
699 1003 882 1043 centuplum
913 1002 1062 1043 accipiet.
1092 1006 1124 1033 et
1154 1003 1251 1033 vitam
1282 1006 1446 1034 aeternam
1479 1003 1667 1044 possidebit.
1718 1003 1863 1033 Petimus
1895 1014 1945 1033 er-

510 1065 592 1093 mgo
632 1054 864 1084 beatitudinem
905 1054 1049 1085 caritatis
1091 1057 1226 1085 vestrae.
1269 1058 1304 1085 ut
1344 1065 1403 1085 nos
1438 1055 1469 1085 in
1505 1054 1649 1085 ordinem
1686 1054 1947 1095 congregationis

552 1110 679 1137 vestrae
711 1106 887 1147 dignemini
920 1106 1074 1147 recipere.
1110 1110 1144 1137 ut
1176 1106 1294 1137 ibidem
1333 1106 1447 1137 diebus
1484 1107 1567 1137 vitae
1597 1110 1729 1137 nostrae
1762 1106 1820 1136 sub
1850 1116 1945 1146 regu—

552 1158 579 1187 la
632 1157 716 1188 beati
770 1157 938 1188 Benedicti
992 1158 1111 1189 vivere.
1164 1161 1195 1188 et
1248 1168 1440 1189 conversare
1493 1157 1680 1189 debeamus.
1749 1157 1945 1188 Abi-enunti-

551 1220 641 1239 amus
689 1209 785 1249 igitur
827 1209 976 1239 omnibus
1015 1209 1233 1240 voluntatibus
1279 1210 1396 1240 nostris
1435 1209 1582 1250 propriis.
1629 1212 1661 1239 et
1700 1209 1849 1240 omnibus
1897 1220 1945 1240 re-

552 1261 609 1290 bus
659 1271 739 1301 quas
793 1260 1004 1302 possidemus.
1067 1261 1149 1291 sicut
1201 1261 1395 1302 euangelica
1456 1264 1487 1291 et
1538 1261 1694 1301 regularis
1749 1260 1845 1291 docet
1898 1262 1946 1292 in-

509 1330 534 1347 15
552 1312 687 1343 dustria.
727 1312 804 1343 nihil
844 1312 883 1343 de
923 1312 1019 1343 rebus
1058 1312 1205 1343 terrenis.
1252 1313 1292 1343 ab
1337 1312 1397 1342 hac
1436 1312 1488 1343 die
1527 1322 1735 1353 possessuros
1775 1323 1833 1343 nos
1872 1323 1945 1353 spo-

551 1363 728 1405 pondimus.
798 1364 857 1394 nisi
918 1368 1071 1405 quantum
1138 1368 1229 1405 patre
1290 1364 1476 1394 monasterii
1543 1363 1684 1394 donante
1752 1368 1808 1394 aut
1873 1375 1945 1405 per-

551 1416 697 1445 mittente
756 1416 907 1446 alimenta
971 1416 1022 1446 vel
1078 1416 1257 1456 tegimenta
1321 1416 1463 1456 corporis
1525 1415 1756 1456 acceperimus.
1837 1416 1946 1447 Oboe-

551 1467 705 1497 dientiam
724 1467 814 1497 vobis
840 1468 871 1497 in
889 1471 1043 1508 quantum
1065 1468 1149 1498 vires
1166 1470 1295 1498 nostrae
1313 1470 1501 1508 suppetunt.
1526 1470 1558 1497 et
1575 1466 1720 1497 dominus
1739 1466 1865 1497 dederit
1888 1478 1945 1497 no-

551 1518 598 1549 bis
665 1518 868 1549 adiutorium.
941 1529 1133 1549 conservare
1200 1519 1428 1560 promittimus.
1519 1518 1738 1549 Stabilitatem
1811 1529 1946 1550 eonver-

507 1588 535 1604 20
552 1571 684 1601 sationis
720 1574 835 1601 nostrae
876 1571 906 1600 in
943 1571 1195 1612 congregatione
1231 1574 1349 1602 vestra.
1391 1574 1473 1601 teste
1509 1570 1648 1601 domino.
1688 1570 1805 1601 devoto
1840 1571 1946 1602 animo

551 1633 620 1652 eum
668 1622 894 1653 observatione
948 1622 1091 1663 regulae.
1144 1633 1247 1664 usque
1302 1623 1333 1653 in
1383 1623 1478 1653 finem
1525 1623 1713 1664 profitemur
1763 1623 1946 1655 observare.

552 1673 622 1704 Nisi
664 1673 732 1714 quis
774 1676 897 1704 tantum
937 1674 1022 1715 quod
1058 1674 1254 1715 ignoramus.
1295 1675 1402 1705 futura
1436 1674 1572 1705 forsitan
1607 1674 1834 1705 oboedientiae
1871 1686 1945 1706 eau-

552 1736 586 1755 sa
631 1725 780 1755 utilitatis
827 1725 954 1755 animae
999 1725 1134 1756 accedat
1184 1730 1239 1756 aut
1286 1726 1382 1756 etiam
1432 1725 1511 1756 illud
1563 1726 1588 1756 si
1642 1729 1753 1756 contra
1797 1727 1945 1757 volunta-

551 1780 598 1807 tes
616 1780 741 1807 nostras
765 1776 848 1817 quod
866 1777 949 1807 absit
973 1788 1162 1819 separemur
1183 1788 1201 1808 a
1218 1777 1374 1808 barbaris.
1397 1780 1429 1807 et
1451 1777 1556 1818 ipsum
1578 1777 1605 1807 si
1623 1778 1719 1808 fuerit
1742 1778 1773 1808 in
1791 1782 1946 1819 quantum

507 1845 535 1862 25
551 1839 728 1869 possumus
786 1839 913 1870 semper
970 1828 1011 1859 ad
1064 1829 1164 1870 ipsam
1217 1829 1502 1869 congregationem
1560 1832 1723 1860 revertere
1780 1830 1944 1862 faciamus.

552 1882 584 1909 et
607 1879 664 1909 sub
683 1883 794 1909 sancto
812 1879 922 1910 ordine
940 1890 1195 1921 perseveremus,
1243 1880 1280 1910 In
1306 1880 1429 1920 reliquo
1444 1890 1530 1927 ‘vero
1556 1891 1613 1921 per
1636 1881 1759 1911 nullum
1782 1881 1945 1922 ingenium

551 1941 570 1960 a
600 1930 743 1971 predicta
773 1931 1026 1971 congregatione
1066 1934 1184 1962 vestra.
1220 1931 1271 1962 vel
1302 1931 1376 1971 iugo
1408 1934 1528 1962 sanctae
1558 1932 1702 1972 regulae.
1731 1943 1789 1963 seu
1820 1932 1858 1964 de
1888 1944 1944 1974 po-

610 2086 665 2117 575,
680 2088 691 2109 1
710 2087 764 2110 cod.
785 2087 868 2111 omino
887 2086 1034 2111 uenerabili.
